<?xml version="1.0" encoding="UTF-8"?><record xmlns="http://www.loc.gov/MARC21/slim" xmlns:cinclude="http://apache.org/cocoon/include/1.0" xmlns:zs="http://www.loc.gov/zing/srw/">
  <leader>00505nz  a2200133n  4500</leader>
  <controlfield tag="001">no2003101215</controlfield>
  <controlfield tag="003">DLC</controlfield>
  <controlfield tag="005">20031009054023.0</controlfield>
  <controlfield tag="008">031008n| acannaab           |n ana     c</controlfield>
  <datafield tag="010" ind1=" " ind2=" ">
    <subfield code="a">no2003101215</subfield>
  </datafield>
  <datafield tag="035" ind1=" " ind2=" ">
    <subfield code="a">(OCoLC)oca06172614</subfield>
  </datafield>
  <datafield tag="040" ind1=" " ind2=" ">
    <subfield code="a">TxU-Mu</subfield>
    <subfield code="b">eng</subfield>
    <subfield code="c">TxU-Mu</subfield>
  </datafield>
  <datafield tag="110" ind1="2" ind2=" ">
    <subfield code="a">Bluegrass Meditations (Musical group)</subfield>
  </datafield>
  <datafield tag="670" ind1=" " ind2=" ">
    <subfield code="a">Precious memories [SR] p1982:</subfield>
    <subfield code="b">container (Bluegrass Meditations (Jeff Dalton, mandolin, vocals ; Randy Dalton, guitar, vocals ; Bobby Dalton, banjo, vocals ; Ray Hoskins, bass, vocals))</subfield>
  </datafield>
</record>